@Inbook{koba3,
author="Kobayashi, Shoshichi",
title="Automorphisms of Complex Manifolds",
bookTitle="Transformation Groups in Differential Geometry",
year="1995",
publisher="Springer Berlin Heidelberg",
address="Berlin, Heidelberg",
pages="77--121",
isbn="978-3-642-61981-6",
doi="10.1007/978-3-642-61981-6_3",
url="https://doi.org/10.1007/978-3-642-61981-6_3"
}


@article{koba4,
 ISSN = {0003486X, 19398980},
 URL = {http://www.jstor.org/stable/1970219},
 author = {W. M. Boothby and Shoshichi Kobayashi and H. C. Wangâ€ },
 journal = {Annals of Mathematics},
 number = {2},
 pages = {329--334},
 publisher = {[Annals of Mathematics, Trustees of Princeton University on Behalf of the Annals of Mathematics, Mathematics Department, Princeton University]},
 title = {A Note on Mappings and Automorphisms of Almost Complex Manifolds},
 urldate = {2024-09-10},
 volume = {77},
 year = {1963}
}

